<record xmlns="http://www.loc.gov/MARC21/slim">
   <leader>02470cam a2200529 i 4500</leader>
   <controlfield tag="001">6766252</controlfield>
   <controlfield tag="003">OCoLC</controlfield>
   <controlfield tag="005">20141215095007.0</controlfield>
   <controlfield tag="008">140305t20152015paua     b    001 0 eng  </controlfield>
   <datafield ind1=" " ind2=" " tag="010">
      <subfield code="a">  2014008806</subfield>
   </datafield>
   <datafield ind1="7" ind2=" " tag="016">
      <subfield code="a">101627305</subfield>
      <subfield code="2">DNLM</subfield>
   </datafield>
   <datafield ind1=" " ind2=" " tag="020">
      <subfield code="a">9781451191073 (paperback)</subfield>
   </datafield>
   <datafield ind1=" " ind2=" " tag="020">
      <subfield code="a">1451191073 (paperback)</subfield>
   </datafield>
   <datafield ind1=" " ind2=" " tag="035">
      <subfield code="a">ocn872634950</subfield>
   </datafield>
   <datafield ind1=" " ind2=" " tag="040">
      <subfield code="a">DNLM/DLC</subfield>
      <subfield code="b">eng</subfield>
      <subfield code="e">rda</subfield>
      <subfield code="c">DLC</subfield>
      <subfield code="d">YDX</subfield>
      <subfield code="d">NLM</subfield>
      <subfield code="d">YDXCP</subfield>
      <subfield code="d">BTCTA</subfield>
      <subfield code="d">OCLCO</subfield>
      <subfield code="d">UAB</subfield>
   </datafield>
   <datafield ind1=" " ind2=" " tag="042">
      <subfield code="a">pcc</subfield>
   </datafield>
   <datafield ind1="0" ind2="4" tag="050">
      <subfield code="a">RT81.5</subfield>
      <subfield code="b">.M235 2015</subfield>
   </datafield>
   <datafield ind1="0" ind2="0" tag="060">
      <subfield code="a">2014 M-817</subfield>
   </datafield>
   <datafield ind1="1" ind2="0" tag="060">
      <subfield code="a">WY 20.5</subfield>
   </datafield>
   <datafield ind1="0" ind2="0" tag="082">
      <subfield code="a">610.73072</subfield>
      <subfield code="2">23</subfield>
   </datafield>
   <datafield ind1=" " ind2=" " tag="090">
      <subfield code="a">RT 81.5 M33 2015</subfield>
      <subfield code="b">AEU</subfield>
   </datafield>
   <datafield ind1=" " ind2=" " tag="090">
      <subfield code="a">RT81.5 .M235 2015</subfield>
      <subfield code="b">AEGMCT</subfield>
   </datafield>
   <datafield ind1="1" ind2=" " tag="100">
      <subfield code="a">Rebar, Cherie R.,</subfield>
      <subfield code="e">author.</subfield>
   </datafield>
   <datafield ind1="1" ind2="0" tag="240">
      <subfield code="a">Understanding nursing research</subfield>
   </datafield>
   <datafield ind1="1" ind2="0" tag="245">
      <subfield code="a">Understanding research for evidence-based practice /</subfield>
      <subfield code="c">Cherie R. Rebar, Carolyn J. Gersch.</subfield>
   </datafield>
   <datafield ind1=" " ind2=" " tag="250">
      <subfield code="a">Fourth edition.</subfield>
   </datafield>
   <datafield ind1=" " ind2="1" tag="264">
      <subfield code="a">Philadelphia :</subfield>
      <subfield code="b">Wolters Kluwer,</subfield>
      <subfield code="c">[2015]</subfield>
   </datafield>
   <datafield ind1=" " ind2="4" tag="264">
      <subfield code="c">©2015</subfield>
   </datafield>
   <datafield ind1=" " ind2=" " tag="300">
      <subfield code="a">xiv, 365 pages :</subfield>
      <subfield code="b">color illustrations ;</subfield>
      <subfield code="c">26 cm</subfield>
   </datafield>
   <datafield ind1=" " ind2=" " tag="336">
      <subfield code="a">text</subfield>
      <subfield code="2">rdacontent</subfield>
   </datafield>
   <datafield ind1=" " ind2=" " tag="337">
      <subfield code="a">unmediated</subfield>
      <subfield code="2">rdamedia</subfield>
   </datafield>
   <datafield ind1=" " ind2=" " tag="338">
      <subfield code="a">volume</subfield>
      <subfield code="2">rdacarrier</subfield>
   </datafield>
   <datafield ind1=" " ind2=" " tag="500">
      <subfield code="a">Preceded by Understanding nursing research : using research in evidence-based practice / Cherie R. Rebar ... [et al.]. 3rd ed. c2011.</subfield>
   </datafield>
   <datafield ind1=" " ind2=" " tag="504">
      <subfield code="a">Includes bibliographical references and index.</subfield>
   </datafield>
   <datafield ind1="0" ind2=" " tag="505">
      <subfield code="a">Evidence-based nursing : using research in practice -- The research process : components and language of research reports -- Discussions and conclusions -- Descriptive results -- Inferential results -- Samples -- Ethics : what can go wrong -- Data collection methods -- Research designs : planning the study -- Background and the research problem -- The research process.</subfield>
   </datafield>
   <datafield ind1=" " ind2=" " tag="596">
      <subfield code="a">29 42</subfield>
   </datafield>
   <datafield ind1=" " ind2="0" tag="650">
      <subfield code="a">Nursing</subfield>
      <subfield code="x">Research.</subfield>
   </datafield>
   <datafield ind1="1" ind2="2" tag="650">
      <subfield code="a">Nursing Research</subfield>
      <subfield code="x">methods.</subfield>
   </datafield>
   <datafield ind1="2" ind2="2" tag="650">
      <subfield code="a">Evidence-Based Nursing</subfield>
      <subfield code="x">methods.</subfield>
   </datafield>
   <datafield ind1="2" ind2="2" tag="650">
      <subfield code="a">Qualitative Research.</subfield>
   </datafield>
   <datafield ind1="2" ind2="2" tag="650">
      <subfield code="a">Research Design</subfield>
      <subfield code="x">standards.</subfield>
   </datafield>
   <datafield ind1="2" ind2="2" tag="650">
      <subfield code="a">Research Report</subfield>
      <subfield code="x">standards.</subfield>
   </datafield>
   <datafield ind1="1" ind2=" " tag="700">
      <subfield code="a">Gersch, Carolyn J.,</subfield>
      <subfield code="e">author.</subfield>
   </datafield>
   <datafield ind1="1" ind2=" " tag="700">
      <subfield code="a">Macnee, Carol L.</subfield>
      <subfield code="q">(Carol Leslie).</subfield>
      <subfield code="t">Understanding nursing research : using research in evidence-based practice.</subfield>
      <subfield code="f">2011.</subfield>
   </datafield>
   <datafield ind1=" " ind2=" " tag="949">
      <subfield code="a">RT 81.5 M33 2015</subfield>
      <subfield code="c">1</subfield>
      <subfield code="h">UAHL-B</subfield>
      <subfield code="i">0162035215084</subfield>
   </datafield>
   <datafield ind1=" " ind2=" " tag="926">
      <subfield code="a">RT 81.5 M33 2015</subfield>
      <subfield code="w">LC</subfield>
      <subfield code="c">1</subfield>
      <subfield code="i">0162035215084</subfield>
      <subfield code="d">4/1/2017</subfield>
      <subfield code="e">4/1/2017</subfield>
      <subfield code="k">CHECKEDOUT</subfield>
      <subfield code="l">ON_SHELF</subfield>
      <subfield code="m">UAHLTHSC</subfield>
      <subfield code="n">8</subfield>
      <subfield code="p">$150.00</subfield>
      <subfield code="r">M</subfield>
      <subfield code="s">Y</subfield>
      <subfield code="t">BOOK</subfield>
      <subfield code="u">1/6/2015</subfield>
   </datafield>
   <datafield ind1=" " ind2=" " tag="926">
      <subfield code="a">RT81.5 .M235 2015</subfield>
      <subfield code="w">LC</subfield>
      <subfield code="c">1</subfield>
      <subfield code="i">1007404633</subfield>
      <subfield code="d">8/3/2016</subfield>
      <subfield code="e">7/12/2016</subfield>
      <subfield code="l">ON_SHELF</subfield>
      <subfield code="m">GR_MACEWAN</subfield>
      <subfield code="n">5</subfield>
      <subfield code="p">$105.83</subfield>
      <subfield code="r">Y</subfield>
      <subfield code="s">Y</subfield>
      <subfield code="t">BOOK</subfield>
      <subfield code="u">3/25/2015</subfield>
   </datafield>
</record>
